@book{Marion1995,
	Author = {J.B. Marion and S.T. Thornton},
	Date-Added = {2014-06-11 13:53:34 +0200},
	Date-Modified = {2014-06-11 13:54:36 +0200},
	Publisher = {Thomson Learning},
	Read = {0},
	Title = {Classical Dynamics of Particles and Systems},
	Year = {1995}}

@article{rezakhaniha2012,
	Author = {Rezakhaniha, R and Agianniotis, A and Schrauwen, JTC and Griffa, A and Sage, D and Bouten, CVC and Van de Vosse, FN and Unser, M and Stergiopulos, N},
	Date-Added = {2014-06-11 13:52:27 +0200},
	Date-Modified = {2014-06-11 13:52:34 +0200},
	Journal = {Biomechanics and modeling in mechanobiology},
	Number = {3-4},
	Pages = {461--473},
	Publisher = {Springer},
	Title = {Experimental investigation of collagen waviness and orientation in the arterial adventitia using confocal laser scanning microscopy},
	Volume = {11},
	Year = {2012}}
